%% This BibTeX bibliography file was created using BibDesk.
%% http://bibdesk.sourceforge.net/


%% Created for Nathan Tallent at 2010-11-12 10:20:44 -0600 


%% Saved with string encoding Unicode (UTF-8) 



@article{McKenney:1999:differential,
	Author = {Paul E. McKenney},
	Authoraddress = {Sequent Computer Systems, Inc., 15450 SW Koll Pkwy, MS DES2-799, Beaverton, OR 97006 USA},
	Date-Added = {2010-11-12 10:13:42 -0600},
	Date-Modified = {2010-11-12 10:13:42 -0600},
	Doi = {http://dx.doi.org/10.1002/(SICI)1097-024X(199903)29:3<219::AID-SPE230>3.0.CO;2-0},
	Journal = {Software: Practice and Experience},
	Number = 3,
	Pages = {219--234},
	Title = {Differential profiling},
	Volume = 29,
	Year = 1999,
	Bdsk-Url-1 = {http://dx.doi.org/10.1002/(SICI)1097-024X(199903)29:3%3C219::AID-SPE230%3E3.0.CO;2-0}}
