@article{mckenney98,
    Author = {Paul E. McKenney},
    Title = {Differential profiling},
    journal = {Software: Practice and Experience},
    Year = 1998,
        volume = 29,
        number = 3,
        pages = {219--234},
    authoraddress = {Sequent Computer Systems, Inc., 15450 SW Koll Pkwy, 
    	MS DES2-799, Beaverton, OR 97006 USA},
    DOI = {http://dx.doi.org/10.1002/(SICI)1097-024X(199903)29:3<219::AID-SPE230>3.0.CO;2-0}}

@inproceedings{coarfa:ICS07,
	author = {Coarfa, Cristian and Mellor-Crummey, John and Froyd, Nathan and Dotsenko, Yuri},
	title = {Scalability analysis of SPMD codes using expectations},
	booktitle = {ICS '07: Proceedings of the 21st Annual International Conference on Supercomputing},
	year = {2007},
	isbn = {978-1-59593-768-1},
	pages = {13--22},
	location = {Seattle, Washington},
	doi = {http://doi.acm.org/10.1145/1274971.1274976},
	publisher = {ACM},
	address = {New York, NY, USA},
	}
