
@misc{roctracer, 
  title={{ROCm Tracer Callback/Activity Library for Performance tracing AMD GPU's}},
  author={{Advanced Micro Devices}},
  note={[Accessed February 27, 2020]. \url{https://github.com/ROCm-Developer-Tools/roctracer}}}

@online{top500, author={Erich Strohmaier and Jack Dongarra and Horst
Simon and Martin Meuer}, title={Top500 ranking June 2019},
url={https://www.top500.org/lists/2019/09/}, journal={November 2019 |
TOP500 Supercomputer Sites}, year={2019}, note="[Accessed January 19, 2020]"} 

@misc{quicksilver, 
title={{Quicksilver: A Proxy App for the Monte Carlo Transport Code, Mercury}},
author={{Lawrence Livermore National Laboratory}},
note={[Accessed February 27, 2020]. \url{https://github.com/LLNL/Quicksilver}}}


@misc{laghos, 
title={{Laghos: High-order Lagrangian Hydrodynamics Miniapp}},
author={{Lawrence Livermore National Laboratory}},
note={[Accessed February 27, 2020]. \url{https://computing.llnl.gov/projects/co-design/laghos}}}

@online{crayreveal, author={Lawrence Berkeley National Laboratory}, title={Cray Reveal},
url={https://docs.nersc.gov/programming/performance-debugging-tools/reveal},
year={2019},
note="[Accessed January 26, 2020]"} 

@online{nsightsystem, author={NVIDIA Corporation}, title={NVIDIA Nsight
Systems}, url={https://developer.nvidia.com/nsight-systems},
year={2019}, note="[Accessed January 26, 2020]"}

@online{nsightcompute, author={NVIDIA Corporation}, title={{NVIDIA
Nsight Compute}}, url={https://developer.nvidia.com/nsight-compute},
year={2019}, note="[Accessed January 26, 2020]"}

@online{cudaruntime, title={CUDA Runtime API vs CUDA Driver API},
url={https://docs.nvidia.com/cuda/cuda-runtime-api/driver-vs-runtime-api.html#driver-vs-runtime-api},
year={2019}, note="[Accessed January 26, 2020]"}

@oneline{nvprof, author={NVIDIA Corporation}, title={The user manual
for NVIDIA profiling tools for optimizing performance of CUDA
applications},
url={https://docs.nvidia.com/cuda/profiler-users-guide}, year={2019},
note="[Accessed January 26, 2020]"}

@online{dyninst, author={University of Wisconsin-Madison}, title={Dyninst}, url={https://github.com/dyninst/dyninst}, note="[Accessed January 26, 2020]"}

@online{aurora, author={Argonne National Laboratory}, title={Aurora},
url={https://press3.mcs.anl.gov/aurora}, year={2019}, note="[Accessed
January 26, 2020]"}

@online{frontier, author={Oak Ridge National Laboratory},
title={Frontier}, url={https://www.olcf.ornl.gov/frontier},
year={2019}, note="[Accessed January 26, 2020]"}

@online{elcapitan, author={Lawrence Livermore National Laboratory}, title={{DOE/NNSA, Lab} announce partnership with {Cray}
to develop {NNSA's} first exascale supercomputer}, 
url={https://www.llnl.gov/news/doennsa-lab-announce-partnership-cray-develop-nnsas-first-exascale-supercomputer},
month={August}, year={2019}, note="[Accessed January 26, 2020]"}


@misc{cuptipcsampling, author={NVIDIA Corporation}, title={PC Sampling}, url={https://docs.nvidia.com/cupti/Cupti/r_main.html#r_pc_sampling}, year={2019}, note="[Accessed January 26, 2019]"}

@online{rajaperf, author={Lawrence Livermore National Laboratory},
title={RAJA Performance Suite},
url={https://github.com/LLNL/RAJAPerf}, year={2019}, note="[Accessed January 26, 2020]"}

@online{exatensor, author={Liakh, Dmytro}, title={ExaTENSOR}, url={https://iadac.github.io/projects/}, year={2019}, note="[Accessed July 27th, 2019]"}

@techreport{hornung2014raja,
  title={The {RAJA} portability layer: overview and status},
  author={Hornung, Richard D and Keasler, Jeffrey A},
  year={2014},
  institution={Lawrence Livermore National Lab.(LLNL), Livermore, CA (United States)}
}

@phdthesis{cudablamer-thesis18,
  title={Data-centric performance measurement and mapping for highly
  parallel programming models},
  author={Hui Zhang},
  year={2018},
  school={University of Maryland---College Park}
}


@INPROCEEDINGS{cudablamer-protools19, 
author={H. {Zhang} and J. {Hollingsworth}}, 
booktitle={2019 {IEEE/ACM} International Workshop on Programming and Performance Visualization Tools (ProTools)}, 
title={Understanding the Performance of {GPGPU} Applications from a Data-Centric View}, 
year={2019}, 
volume={}, 
number={}, 
pages={1-8}, 
keywords={Data-Centric;CUDA;Benchmark optimization;Performance evaluation;GPGPU;Heterogeneous architectures}, 
doi={10.1109/ProTools49597.2019.00006}, 
month={Nov}
}


@techreport{sweeny,
  title={Approximating the calling context tree via sampling},
  author={Matthew Arnold and Peter F. Sweeney},
  year={2000},
  number={RC-21789},
  institution={{IBM T.J. Watson Research Center, Yorktown Heights, NY}}
}


@manual{cupti,
  title={{CUPTI User's Guide DA-05679-001\_v10.1}},
  author={{NVIDIA Corporation}},
  year={2019},
  note={\url{https://docs.nvidia.com/cuda/pdf/CUPTI_Library.pdf}}
}


@article{edwards2014kokkos,
  title={Kokkos: Enabling manycore performance portability through polymorphic memory access patterns},
  author={Edwards, H Carter and Trott, Christian R and Sunderland, Daniel},
  journal={Journal of Parallel and Distributed Computing},
  volume={74},
  number={12},
  pages={3202--3216},
  year={2014},
  publisher={Elsevier}
}

@manual{openmp5,
  title={{OpenMP Application Programming Interface Version 5.0}},
  author={{OpenMP Language Committee}},
  month = {November},
  year={2018},
  note={\url{https://www.openmp.org/wp-content/uploads/OpenMP-API-Specification-5.0.pdf}}
}

@inproceedings{bertolli2014coordinating,
  title={Coordinating GPU threads for OpenMP 4.0 in LLVM},
  author={Bertolli, Carlo and Antao, Samuel F and Eichenberger, Alexandre E and O'Brien, Kevin and Sura, Zehra and Jacob, Arpith C and Chen, Tong and Sallenave, Olivier},
  booktitle={Proceedings of the 2014 LLVM Compiler Infrastructure in HPC},
  pages={12--21},
  year={2014},
  organization={IEEE Press}
}

@incollection{knupfer2008vampir,
  title={The vampir performance analysis tool-set},
  author={Kn{\"u}pfer, Andreas and Brunst, Holger and Doleschal, Jens and Jurenz, Matthias and Lieber, Matthias and Mickler, Holger and M{\"u}ller, Matthias S and Nagel, Wolfgang E},
  booktitle={Tools for High Performance Computing},
  pages={139--155},
  year={2008},
  publisher={Springer}
}

@article{shende2006tau,
  title={The TAU parallel performance system},
  author={Shende, Sameer S and Malony, Allen D},
  journal={The International Journal of High Performance Computing Applications},
  volume={20},
  number={2},
  pages={287--311},
  year={2006},
  publisher={Sage Publications Sage CA: Thousand Oaks, CA}
}

@incollection{january2015allinea,
  title={Allinea MAP: Adding Energy and OpenMP Profiling Without Increasing Overhead},
  author={January, Christopher and Byrd, Jonathan and Or{\'o}, Xavier and Oâ€™Connor, Mark},
  booktitle={Tools for High Performance Computing 2014},
  pages={25--35},
  year={2015},
  publisher={Springer}
}

@article{schulz2008open,
  title={Open| SpeedShop: An open source infrastructure for parallel performance analysis},
  author={Schulz, Martin and Galarowicz, Jim and Maghrak, Don and Hachfeld, William and Montoya, David and Cranford, Scott},
  journal={Scientific Programming},
  volume={16},
  number={2-3},
  pages={105--121},
  year={2008},
  publisher={Hindawi}
}

@article{reinders2005vtune,
  title={VTune performance analyzer essentials},
  author={Reinders, James},
  journal={Intel Press},
  year={2005}
}

@article{adhianto2010hpctoolkit,
  title={HPCToolkit: Tools for performance analysis of optimized parallel programs},
  author={Adhianto, Laksono and Banerjee, Sinchan and Fagan, Mike and Krentel, Mark and Marin, Gabriel and Mellor-Crummey, John and Tallent, Nathan R},
  journal={Concurrency and Computation: Practice and Experience},
  volume={22},
  number={6},
  pages={685--701},
  year={2010},
  publisher={Wiley Online Library}
}

@article{dobrev2012high,
  title={High-order curvilinear finite element methods for Lagrangian hydrodynamics},
  author={Dobrev, Veselin A and Kolev, Tzanio V and Rieben, Robert N},
  journal={SIAM Journal on Scientific Computing},
  volume={34},
  number={5},
  pages={B606--B641},
  year={2012},
  publisher={SIAM}
}

@inproceedings{lim2015identifying,
  title={Identifying optimization opportunities within kernel execution in GPU codes},
  author={Lim, Robert and Malony, Allen and Norris, Boyana and Chaimov, Nick},
  booktitle={European Conference on Parallel Processing},
  pages={185--196},
  year={2015},
  organization={Springer}
}

@inproceedings{HPCToolkit:trampoline,
 author = {Froyd, Nathan and Mellor-Crummey, John and Fowler, Rob},
 title = {Low-Overhead Call Path Profiling of Unmodified, Optimized Code},
 booktitle = {Proceedings of the 19th Annual International Conference on Supercomputing},
 series = {ICS '05},
 year = {2005},
 isbn = {1-59593-167-8},
 location = {Cambridge, Massachusetts},
 pages = {81--90},
 url = {http://doi.acm.org/10.1145/1088149.1088161},
 doi = {10.1145/1088149.1088161},
 acmid = {1088161},
 publisher = {ACM},
 address = {New York, NY, USA},
} 

@article{gong2016nekbone,
  title={Nekbone performance on GPUs with OpenACC and CUDA Fortran implementations},
  author={Gong, Jing and Markidis, Stefano and Laure, Erwin and Otten, Matthew and Fischer, Paul and Min, Misun},
  journal={The Journal of Supercomputing},
  volume={72},
  number={11},
  pages={4160--4180},
  year={2016},
  publisher={Springer}
}

@inproceedings{malony2011parallel,
  title={Parallel performance measurement of heterogeneous parallel systems with gpus},
  author={Malony, Allen D and Biersdorff, Scott and Shende, Sameer and Jagode, Heike and Tomov, Stanimire and Juckeland, Guido and Dietrich, Robert and Poole, Duncan and Lamb, Christopher},
  booktitle={2011 International Conference on Parallel Processing},
  pages={176--185},
  year={2011},
  organization={IEEE}
}

@article{schmitt2017scalable,
  title={Scalable critical-path analysis and optimization guidance for hybrid MPI-CUDA applications},
  author={Schmitt, Felix and Dietrich, Robert and Juckeland, Guido},
  journal={The International Journal of High Performance Computing Applications},
  volume={31},
  number={6},
  pages={485--498},
  year={2017},
  publisher={SAGE Publications Sage UK: London, England}
}

@inproceedings{welton2018exposing,
  title={Exposing hidden performance opportunities in high performance GPU applications},
  author={Welton, Benjamin and Miller, Barton},
  booktitle={2018 18th IEEE/ACM International Symposium on Cluster, Cloud and Grid Computing (CCGRID)},
  pages={301--310},
  year={2018},
  organization={IEEE}
}

@inproceedings{chabbi2013effective,
  title={Effective sampling-driven performance tools for GPU-accelerated supercomputers},
  author={Chabbi, Milind and Murthy, Karthik and Fagan, Michael and Mellor-Crummey, John},
  booktitle={Proceedings of the International Conference on High Performance Computing, Networking, Storage and Analysis},
  pages={43},
  year={2013},
  organization={ACM}
}

@inproceedings{graham1982gprof,
  title={Gprof: A call graph execution profiler},
  author={Graham, Susan L and Kessler, Peter B and Mckusick, Marshall K},
  booktitle={ACM Sigplan Notices},
  volume={17},
  number={6},
  pages={120--126},
  year={1982},
  organization={ACM}
}

@article{grove1997call,
  title={Call graph construction in object-oriented languages},
  author={Grove, David and DeFouw, Greg and Dean, Jeffrey and Chambers, Craig},
  journal={ACM SIGPLAN Notices},
  volume={32},
  number={10},
  pages={108--124},
  year={1997},
  publisher={ACM}
}

@book{tip2000scalable,
  title={Scalable propagation-based call graph construction algorithms},
  author={Tip, Frank and Palsberg, Jens},
  volume={35},
  number={10},
  year={2000},
  publisher={ACM}
}

@article{grove2001framework,
  title={A framework for call graph construction algorithms},
  author={Grove, David and Chambers, Craig},
  journal={ACM Transactions on Programming Languages and Systems (TOPLAS)},
  volume={23},
  number={6},
  pages={685--746},
  year={2001},
  publisher={ACM}
}

@inproceedings{hong2009analytical,
  title={An analytical model for a GPU architecture with memory-level and thread-level parallelism awareness},
  author={Hong, Sunpyo and Kim, Hyesoon},
  booktitle={ACM SIGARCH Computer Architecture News},
  volume={37},
  number={3},
  pages={152--163},
  year={2009},
  organization={ACM}
}

@inproceedings{sim2012performance,
  title={A performance analysis framework for identifying potential benefits in GPGPU applications},
  author={Sim, Jaewoong and Dasgupta, Aniruddha and Kim, Hyesoon and Vuduc, Richard},
  booktitle={ACM SIGPLAN Notices},
  volume={47},
  number={8},
  pages={11--22},
  year={2012},
  organization={ACM}
}

@inproceedings{zhou2017performance,
  title={A performance analysis framework for exploiting GPU microarchitectural capability},
  author={Zhou, Keren and Tan, Guangming and Zhang, Xiuxia and Wang, Chaowei and Sun, Ninghui},
  booktitle={Proceedings of the International Conference on Supercomputing},
  pages={15},
  year={2017},
  organization={ACM}
}

@inproceedings{hong2018gpu,
  title={Gpu code optimization using abstract kernel emulation and sensitivity analysis},
  author={Hong, Changwan and Sukumaran-Rajam, Aravind and Kim, Jinsung and Rawat, Prashant Singh and Krishnamoorthy, Sriram and Pouchet, Louis-No{\"e}l and Rastello, Fabrice and Sadayappan, P},
  booktitle={ACM SIGPLAN Notices},
  volume={53},
  number={4},
  pages={736--751},
  year={2018},
  organization={ACM}
}

@article{jia2018dissecting,
  title={Dissecting the nvidia volta gpu architecture via microbenchmarking},
  author={Jia, Zhe and Maggioni, Marco and Staiger, Benjamin and Scarpazza, Daniele P},
  journal={arXiv preprint arXiv:1804.06826},
  year={2018}
}

@book{treiber1986systems,
  title={Systems programming: Coping with parallelism},
  author={Treiber, R Kent},
  year={1986},
  publisher={International Business Machines Incorporated, Thomas J. Watson Research}
}

@article{tarjan1972depth,
  title={Depth-first search and linear graph algorithms},
  author={Tarjan, Robert},
  journal={SIAM journal on computing},
  volume={1},
  number={2},
  pages={146--160},
  year={1972},
  publisher={SIAM}
}

@techreport{williams2009roofline,
  title={Roofline: An insightful visual performance model for floating-point programs and multicore architectures},
  author={Williams, Samuel and Waterman, Andrew and Patterson, David},
  year={2009},
  institution={Lawrence Berkeley National Lab.(LBNL), Berkeley, CA (United States)}
}

@book{allen2014probability,
  title={Probability, statistics, and queueing theory},
  author={Allen, Arnold O},
  year={2014},
  publisher={Academic press}
}

@article{gorshkov2019gpu,
  title={GPU Instruction Hotspots Detection Based on Binary Instrumentation Approach},
  author={Gorshkov, Anton V and Berezalsky, Michael and Fedorova, Julia and Levit-Gurevich, Konstantin and Itzhaki, Noam},
  journal={IEEE Transactions on Computers},
  volume={68},
  number={8},
  pages={1213--1224},
  year={2019},
  publisher={IEEE}
}

@inproceedings{stephenson2015flexible,
  title={Flexible software profiling of gpu architectures},
  author={Stephenson, Mark and Sastry Hari, Siva Kumar and Lee, Yunsup and Ebrahimi, Eiman and Johnson, Daniel R and Nellans, David and O'Connor, Mike and Keckler, Stephen W},
  booktitle={ACM SIGARCH Computer Architecture News},
  volume={43},
  number={3},
  pages={185--197},
  year={2015},
  organization={ACM}
}

@inproceedings{villa2019nvbit,
  title={NVBit: A Dynamic Binary Instrumentation Framework for NVIDIA GPUs},
  author={Villa, Oreste and Stephenson, Mark and Nellans, David and Keckler, Stephen W},
  booktitle={Proceedings of the 52nd Annual IEEE/ACM International Symposium on Microarchitecture},
  pages={372--383},
  year={2019},
  organization={ACM}
}
